% Encoding: UTF-8

@article{DBLP:journals/corr/TallaHKNSG17,
  author    = {Vamsi Talla and
               Mehrdad Hessar and
               Bryce Kellogg and
               Ali Najafi and
               Joshua R. Smith and
               Shyamnath Gollakota},
  title     = {LoRa Backscatter: Enabling The Vision of Ubiquitous Connectivity},
  journal   = {CoRR},
  volume    = {abs/1705.05953},
  year      = {2017},
  url       = {http://arxiv.org/abs/1705.05953},
  timestamp = {Wed, 07 Jun 2017 14:40:31 +0200},
  biburl    = {http://dblp.uni-trier.de/rec/bib/journals/corr/TallaHKNSG17},
  bibsource = {dblp computer science bibliography, http://dblp.org}
}



@Misc{www-google,
  author = {{Google}},
  title  = {Google homepage},
  url    = {https://www.google.com},
}

@Comment{jabref-meta: databaseType:bibtex;}
