% Encoding: UTF-8

@Article{herland14,
  author  = {M. Herland, T. M. Khoshgoftaar, R. Wald},
  title   = {A review of data mining using big data in health informatics.},
  journal = {Journal Of Big Data},
  year    = {2014},
}

@Article{paul14,
  author  = {M. J. Paul, M. Dredze, M. Broniatowski},
  title   = {Twitter Improves Influenza Forecasting.},
  journal = {PLOS Currents: Outbreaks},
  year    = {2014},
}

@Article{signorini11,
  author  = {A. Signorini, A. M. Segre, P. M. Polgreen},
  title   = {The use of twitter to track levels of disease activity and public concern in the U.S. during the influenza A H1N1 pandemic.},
  journal = {PLOS ONE},
  year    = {2011},
}

@Conference{achrekar12,
  author    = {H. Achrekar, A. Gandhe, R. Lazarus, S. H. Yu, B. Liu},
  title     = {Twitter improves seasonal influenza prediction.},
  booktitle = {International Conference on Health Informatics},
  year      = {2012},
}

@Article{lazer14,
  author  = {D. Lazer, R. Kennedy, G. King, A. Vespignani,},
  title   = {The Parable of Google Flu: Traps in Big Data Analysis},
  journal = {Science},
  year    = {2014},
}

@Article{gupta15,
  author  = {S. Gupta},
  title   = {Big Data: Big Deal or Big Hype?},
  journal = {European Business Review},
  year    = {2015},
}

@Comment{jabref-meta: databaseType:bibtex;}
